@misc{TWILIO:1,
    howpublished = {\url{https://en.wikipedia.org/wiki/Twilio}},
    title = {Twilio},
    author = {Wikipedia},
}

@misc{PYGPSCLIENT:1,
    howpublished = {\url{https://github.com/semuconsulting/PyGPSClient}},
    author = {SEMU Consulting},
    title = {Python Graphical GPS Client Application supporting NMEA, UBX, RTCM3, NTRIP \& SPARTN Protocols},
}

@misc{VSCODE:1,
    title = {Documentation for Visual Studio Code},
    author = {Microsoft},
    howpublished = {\url{https://code.visualstudio.com/docs}},
}

@misc{DOCKER:1,
    author = {Docker Inc.},
    title = {Overview of the get started guide},
    howpublished = {\url{https://docs.docker.com/get-started/}},
}

@misc{POSTGRES:2,
    author = {solid IT gmbh},
    title = {DB-Engines Ranking - popularity ranking of database management systems},
    howpublished = {\url{https://db-engines.com/en/ranking}},
}

@misc{POSTGRES:1,
    howpublished = {\url{https://www.postgresql.org/about/}},
    author = {The PostgreSQL Global Development Group},
    title = {PostgreSQL: About},
}

@misc{LEAFLET:1,
    howpublished = {\url{https://material.angular.io/guide/getting-started}},
    author = {BlueHalo},
    title = {bluehalo/ngx-leaflet: Core Leaflet package for Angular.io},
}

@misc{ANGULAR:3,
    author = {Angular},
    howpublished = {\url{https://material.angular.io/guide/getting-started}},
    title = {Getting Started | Angular Material},
}

@misc{ANGULAR:2,
    howpublished = {\url{https://angular.io/guide/architecture}},
    title = {Angular - Introduction to Angular concepts},
    author = {Angular},
}

@misc{ANGULAR:1,
    author = {Angular},
    howpublished = {\url{https://angular.io/guide/what-is-angular}},
    title = {Angular - What is Angular?},
}

@misc{DJANGO:1,
    author = {Sherpany},
    howpublished = {\url{https://www.django-rest-framework.org/}},
    title = {Home - Django REST Framework},
}

@misc{SIM800L:1,
    howpublished = {\url{https://www.makerhero.com/img/files/download/Datasheet_SIM800L.pdf}},
    author = {Simcom},
    title = {SIM800L Hardware Design},
}

@misc{AT:1,
    title = {Hayes AT command set},
    howpublished = {\url{https://en.wikipedia.org/wiki/Hayes_AT_command_set}},
    author = {Wikipedia},
}

@misc{NEO6M:1,
    howpublished = {\url{https://content.u-blox.com/sites/default/files/products/documents/NEO-6_DataSheet_\%28GPS.G6-HW-09005\%29.pdf}},
    author = {u-blox},
    title = {NEO-6 Data Sheet},
}

@misc{ESP32:1,
    title = {ESP32 Series Datasheet},
    author = {Espressif Systems},
    howpublished = {\url{https://www.espressif.com/sites/default/files/documentation/esp32_datasheet_en.pdf}},
}

@misc{NPERF:1,
    title = {Cobertura 3G / 4G / 5G en Buenos Aires - nPerf.com},
    howpublished = {\url{https://www.nperf.com/es/map/AR}},
}

@misc{PNUD:1,
    howpublished = {\url{https://www.undp.org/es/publications/sinopsis-seguridad-ciudadana}},
    author = {Programa de las Naciones Unidas para el Desarrollo},
    month = {04},
    title = {Sinopsis: Seguridad Ciudadana },
    urldate = {2014-04-15},
    year = {2014},
}

@misc{LK109MANUAL:1,
    title = {TKSTAR LK109 USER MANUAL},
    howpublished = {\url{https://www.manualslib.com/manual/1035746/Tkstar-Lk109.html}},
}

@misc{TK102BMANUAL:1,
    howpublished = {\url{https://www.munstergps.ie/wp-content/uploads/TK102B-Manual.pdf}},
    title = {TK102B Manual.pdf},
}

@misc{CLONES:1,
    author = {Traccar},
    title = {Chinese Clones},
    howpublished = {\url{https://www.traccar.org/clones/}},
}
